<record><leader>00000cas a2200000Ia 4500</leader><controlfield tag="001">707097305</controlfield><controlfield tag="007">hd afb---bucp</controlfield><controlfield tag="008">110314d19551971iludr nea     0    0eng c</controlfield><datafield ind1=" " ind2=" " tag="010"><subfield code="a">sn 83045400 </subfield></datafield><datafield ind1=" " ind2=" " tag="040"><subfield code="a">IUK</subfield><subfield code="b">eng</subfield><subfield code="c">IUK</subfield><subfield code="d">IUK</subfield><subfield code="d">OCLCF</subfield><subfield code="d">OCLCQ</subfield></datafield><datafield ind1=" " ind2=" " tag="043"><subfield code="a">n-us-il</subfield></datafield><datafield ind1="0" ind2="0" tag="245"><subfield code="a">Peoria journal star.</subfield></datafield><datafield ind1="1" ind2=" " tag="246"><subfield code="i">Published on Sunday as:</subfield><subfield code="a">Sunday journal-star</subfield><subfield code="f">July 3, 1955</subfield></datafield><datafield ind1=" " ind2=" " tag="260"><subfield code="a">Peoria, Ill. :</subfield><subfield code="b">The Peoria Journal Star, Inc.,</subfield><subfield code="c">1955-1971.</subfield></datafield><datafield ind1=" " ind2=" " tag="300"><subfield code="a">volumes</subfield></datafield><datafield ind1=" " ind2=" " tag="310"><subfield code="a">Daily</subfield></datafield><datafield ind1=" " ind2=" " tag="336"><subfield code="a">text</subfield><subfield code="b">txt</subfield><subfield code="2">rdacontent</subfield></datafield><datafield ind1=" " ind2=" " tag="337"><subfield code="a">microform</subfield><subfield code="b">h</subfield><subfield code="2">rdamedia</subfield></datafield><datafield ind1="0" ind2=" " tag="362"><subfield code="a">Vol. 12, no. 27 (July 3, 1955) ; v. 100, no. 161 (July 4, 1955)-v. 117, no. 93 (Oct. 1, 1971).</subfield></datafield><datafield ind1=" " ind2=" " tag="515"><subfield code="a">Sunday issues have their own numbering, July 3, 1955-June 30, 1957.</subfield></datafield><datafield ind1=" " ind2=" " tag="515"><subfield code="a">Publication suspended Jan. 3-Mar. 10, 1958.</subfield></datafield><datafield ind1=" " ind2=" " tag="580"><subfield code="a">Formed by the union of: Peoria journal (Peoria, Ill. : 1949) and: Peoria star.</subfield></datafield><datafield ind1=" " ind2=" " tag="580"><subfield code="a">Peoria citizen (Peoria, Ill. : 1958) published Jan. 21, 1958-&lt;Feb. 22, 1958&gt; as replacement during strike, (Jan. 3-Mar. 10, 1958).</subfield></datafield><datafield ind1=" " ind2="0" tag="651"><subfield code="a">Peoria (Ill.)</subfield><subfield code="v">Newspapers.</subfield></datafield><datafield ind1=" " ind2="7" tag="651"><subfield code="a">Illinois</subfield><subfield code="z">Peoria.</subfield><subfield code="2">fast</subfield><subfield code="0">(OCoLC)fst01206107</subfield></datafield><datafield ind1=" " ind2="7" tag="655"><subfield code="a">Newspapers.</subfield><subfield code="2">fast</subfield><subfield code="0">(OCoLC)fst01423814</subfield></datafield><datafield ind1=" " ind2=" " tag="752"><subfield code="a">United States</subfield><subfield code="b">Illinois</subfield><subfield code="c">Peoria</subfield><subfield code="d">Peoria.</subfield></datafield><datafield ind1="0" ind2="8" tag="776"><subfield code="i">Print version:</subfield><subfield code="t">Peoria journal star</subfield><subfield code="w">(OCoLC)9440221</subfield></datafield><datafield ind1="1" ind2="4" tag="780"><subfield code="t">Peoria journal (Peoria, Ill. : 1949)</subfield><subfield code="w">(DLC)sn 92054550</subfield><subfield code="w">(OCoLC)707095005</subfield></datafield><datafield ind1="1" ind2="4" tag="780"><subfield code="t">Peoria star</subfield><subfield code="w">(DLC)sn2003061934</subfield><subfield code="w">(OCoLC)53060304</subfield><subfield code="w">(OCoLC)707095939</subfield></datafield><datafield ind1="0" ind2="0" tag="785"><subfield code="t">Journal star (Peoria, Ill.)</subfield><subfield code="w">(DLC)sn 82015307</subfield><subfield code="w">(OCoLC)705346209</subfield></datafield><datafield ind1="1" ind2=" " tag="787"><subfield code="t">Peoria citizen (Peoria, Ill. : 1958)</subfield><subfield code="w">(DLC)sn2003061826</subfield><subfield code="w">(OCoLC)642712847</subfield></datafield></record>